@book{klauber2019,
	Author = {Klauber, Jürgen AND Geraedts, Max AND Friedrich, Jörg AND Wasem, Jürgen},
	Year = {2019},
	Title = {Krankenhaus-Report 2019},
	Subtitle = {Das digitale Krankenhaus}
}
@book{huebner2020,
	Author = {Hübner, Ursula AND Esdar, Moritz AND Hüsers, Jens AND Liebe, Jan-David AND Naumann, Laura AND Thye, Johannes AND Weiß, Jan-Patrick },
	Title = {IT-Report Gesundheitswesen},
	Subtitle = {Wie reif ist die Gesundheits-IT aus Anwenderperspektive},
	Year = {2020}
}
@book{huebner2018,
	Author = {Hübner, Ursula AND Esdar, Moritz AND Hüsers, Jens AND Liebe, Jan-David AND Rauch, Jens AND Thye, Johannes AND Weiß, Jan-Patrick },
	Title = {IT-Report Gesundheitswesen},
	Subtitle = {Schwerpunkt – Wie reif ist die IT in deutschen Krankenhäusern?},
	Year = {2018}
}
@book{fonkych2005,
	Author = {Fonkych, Kateryna AND Taylor, Roger},
	Title = {The State and Pattern of Health Information Technology Adoption},
	Year = {2005}
}
@book{berger2020,
	Author = {Roland Berger},
	Title = {Krankenhausstudie 2020},
	Subtitle = {Krise in der Krise: Deutschlands Krankenhäuser zwischen wirtschaftlicher Sanierung und Covid-19},
	Year = {2020}
}
@online{bmbf2018,
	Author = {BMBF},
	Title = {Digitalisierung in der Medizin},
	Organisation = {Bundesministerium für Bildung und Forschung},
	Year = {2018},
	Url = {https://www.bmbf.de/de/digitalisierung-in-der-medizin-2897.html},
	Urldate = {29.11.2020}
}
@article{cresswell2013,
	Author = {Cresswell, Kathrin  AND Sheikh, Aziz},
	Title = {Organizational issues in the implementation and adoption of health information technology innovations: An interpretative review},
	Journaltitle = {International Journal of Medical Informatics 82},
	Year = {2013}
}
@article{huebner2019,
	Author = {Ursula Hübner AND Jan-David Liebe AND Moritz Esdar AND Jens Hüsers AND Jens Rauch AND Johannes Thye AND Jan-Patrick Weiß},
	Title = {Stand der Digitalisierung und des Technologieeinsatzes in deutschen Krankenhäusern},
	Journaltitle = {Krankenhaus-Report 2019},
	Year = {2019}
}
@article{oswald2019,
	Author = {Julia Oswald AND Klaus Goedereis},
	Title = {Voraussetzungen und Potenziale des digitalen Krankenhauses},
	Journaltitle = {Krankenhaus-Report 2019},
	Year = {2019}
}
@article{Stephani2019,
	Author = {Victor Stephani AND Reinhard Busse AND Alexander Geissler},
	Title = {Benchmarking der Krankenhaus-IT: Deutschland im ­internationalen Vergleich},
	Journaltitle = {Krankenhaus-Report 2019},
	Year = {2019}
}
@report{braeutigam2017,
	Author = {Christoph Bräutigam AND Peter Enste AND Michaela Evans AND Josef Hilbert AND Sebastian Merkel AND Fikret Öz},
	Title = {Digitalisierung im Krankenhaus: Mehr Technik - bessere Arbeit?},
	Type = {Study},
	Institution = {Hans-Böckler-Stiftung},
	Year = {2017},
	Location = {Düsseldorf}
}
@book{kronthaler2016,
  address = {Berlin, Heidelberg},
  author = {Kronthaler, Franz},
  edition = {1st ed. 2016},
  isbn = {9783662471142},
  series = {Springer-Lehrbuch},
  title = {Statistik angewandt : Datenanalyse ist (k)eine Kunst Excel Edition},
  url = {https://doi.org/10.1007/978-3-662-47114-2},
  year = 2016
}
@inproceedings{mci/Leimeister2006,
	author = {Leimeister, Jan Marco AND Schweiger, Andreas AND Krcmar, Helmut},
	title = {Ortsunabhängiges Management von hochpreisigen mobilen medizinischen Geräten im Krankenhaus auf WLAN-Basis},
	booktitle = {INFORMATIK 2006 – Informatik für Menschen, Band 1},
	year = {2006},
	editor = {Hochberger, Christian AND Liskowsky, Rüdiger} ,
	pages = { 220-226 },
	publisher = {Gesellschaft für Informatik e.V.},
	address = {Bonn}
}
@book{Matusiewicz2017,
	author = {David Matusiewicz AND Christian Pittelkau AND Arno Elmer },
	title = {Die Digitale Transformation im Gesundheitswesen},
	subtitle = {Transformation, Innovation, Disruption},
	year = {2017}
}
@article{Gerke2017,
	author = {Sebastian Gerke},
	title ={Wearables im Gesundheitswesen – Chancen durch kognitive Technologien},
	url = {https://www.ibm.com/de-de/blogs/think/2017/04/25/wearables-gesundheitswesen/},
	journaltitle = {THINK Blog DACH},
	year = {2017}
}
@article{Bardash2010,
	author = {Gabriel I. Barbash AND Sherry A. Glied},
	title = {New Technology and Health Care Costs — The Case of Robot-Assisted Surgery},
	journaltitle = {The New England Journal of Medicine},
	Year = {2010}
}